@inproceedings{he2016deep,
  title={Deep {Residual} Learning for Image Recognition},
  author={He, Kaiming and Zhang, Xiangyu and Ren, Shaoqing and Sun, Jian},
  booktitle={Proceedings of the IEEE Conference on Computer Vision and Pattern Recognition (CVPR)},
  pages={770--778},
  year={2016},
  organization={IEEE}
}

@inproceedings{krizhevsky2012imagenet,
  title={ImageNet Classification with Deep Convolutional Neural Networks},
  author={Krizhevsky, Alex and Sutskever, Ilya and Hinton, Geoffrey E},
  booktitle={Advances in Neural Information Processing Systems (NeurIPS)},
  volume={25},
  year={2012}
}



@InProceedings{Eykholt_2018_CVPR,
author = {Eykholt, Kevin and Evtimov, Ivan and Fernandes, Earlence and Li, Bo and Rahmati, Amir and Xiao, Chaowei and Prakash, Atul and Kohno, Tadayoshi and Song, Dawn},
title = {Robust Physical-World Attacks on Deep Learning Visual Classification},
booktitle = {Proceedings of the IEEE Conference on Computer Vision and Pattern Recognition (CVPR)},
month = {June},
year = {2018}
}

@inproceedings{sharif2016accessorize,
  title={Accessorize to a crime: Real and stealthy attacks on state-of-the-art face recognition},
  author={Sharif, Mahmood and Bhagavatula, Sruti and Bauer, Lujo and Reiter, Michael K},
  booktitle={Proceedings of the 2016 acm sigsac conference on computer and communications security},
  pages={1528--1540},
  year={2016}
}


@inproceedings{szegedy2013intriguing,
  title={Intriguing Properties of Neural Networks},
  author={Szegedy, Christian and Zaremba, Wojciech and Sutskever, Ilya and Bruna, Joan and Erhan, Dumitru and Goodfellow, Ian and Fergus, Rob},
  booktitle={International Conference on Learning Representations (ICLR)},
  year={2014},
  archivePrefix={arXiv},
  eprint={1312.6199}
}


@inproceedings{goodfellow2014explaining,
  title={Explaining and Harnessing Adversarial Examples},
  author={Goodfellow, Ian J and Shlens, Jonathon and Szegedy, Christian},
  booktitle={International Conference on Learning Representations (ICLR)},
  year={2015},
  archivePrefix={arXiv},
  eprint={1412.6572}
}


@inproceedings{li2023sok,
  title={Sok: Certified robustness for deep neural networks},
  author={Li, Linyi and Xie, Tao and Li, Bo},
  booktitle={2023 IEEE symposium on security and privacy (SP)},
  pages={1289--1310},
  year={2023},
  organization={IEEE}
}


@inproceedings{madry2017towards,
  title={Towards Deep Learning Models Resistant to Adversarial Attacks},
  author={Madry, Aleksander and Makelov, Aleksandar and Schmidt, Ludwig and Tsipras, Dimitris and Vladu, Adrian},
  booktitle={International Conference on Learning Representations (ICLR)},
  year={2018},
  archivePrefix={arXiv},
  eprint={1706.06083}
}


@inproceedings{cohen2019certified,
  title={Certified Adversarial Robustness via Randomized Smoothing},
  author={Cohen, Jeremy and Rosenfeld, Elan and Kolter, Zico},
  booktitle={Proceedings of the International Conference on Machine Learning (ICML)},
  pages={1310--1320},
  year={2019},
  organization={PMLR}
}


@article{gowal2018effectiveness,
  title={On the effectiveness of interval bound propagation for training verifiably robust models},
  author={Gowal, Sven and Dvijotham, Krishnamurthy and Stanforth, Robert and Bunel, Rudy and Qin, Chongli and Uesato, Jonathan and Arandjelovic, Relja and Mann, Timothy and Kohli, Pushmeet},
  journal={arXiv preprint arXiv:1810.12715},
  year={2018}
}


@article{wong2020fast,
  title={Fast is better than free: Revisiting adversarial training},
  author={Wong, Eric and Rice, Leslie and Kolter, J Zico},
  journal={arXiv preprint arXiv:2001.03994},
  year={2020}
}



@article{tramer2020adaptive,
  title={On adaptive attacks to adversarial example defenses},
  author={Tramer, Florian and Carlini, Nicholas and Brendel, Wieland and Madry, Aleksander},
  journal={Advances in neural information processing systems},
  volume={33},
  pages={1633--1645},
  year={2020}
}


@inproceedings{wong2018provable,
  title={Provable defenses against adversarial examples via the convex outer adversarial polytope},
  author={Wong, Eric and Kolter, Zico},
  booktitle={Proceedings of the International Conference on Machine Learning (ICML)},
  pages={5286--5295},
  year={2018},
  organization={PMLR}
}


@article{abbasi2017robustness,
  title={Robustness to adversarial examples through an ensemble of specialists},
  author={Abbasi, Mahdieh and Gagn{\'e}, Christian},
  journal={arXiv preprint arXiv:1702.06856},
  year={2017}
}


@inproceedings{pang2019improving,
  title={Improving adversarial robustness via promoting ensemble diversity},
  author={Pang, Tianyu and Xu, Kun and Du, Chao and Chen, Ning and Zhu, Jun},
  booktitle={Proceedings of the International Conference on Machine Learning (ICML)},
  pages={4970--4979},
  year={2019},
  organization={PMLR}
}



@article{jonas2020certifying,
  title={Certifying joint adversarial robustness for model ensembles},
  author={Jonas, Mainuddin Ahmad and Evans, David},
  journal={arXiv preprint arXiv:2004.10250},
  year={2020}
}



@inproceedings{croce2020reliable,
  title={Reliable evaluation of adversarial robustness with an ensemble of diverse parameter-free attacks},
  author={Croce, Francesco and Hein, Matthias},
  booktitle={Proceedings of the International Conference on Machine Learning (ICML)},
  pages={2206--2216},
  year={2020},
  organization={PMLR}
}




@article{fort2024ensemble,
  title={Ensemble everything everywhere: Multi-scale aggregation for adversarial robustness},
  author={Fort, Stanislav and Lakshminarayanan, Balaji},
  journal={arXiv preprint arXiv:2408.05446},
  year={2024}
}



@article{zhang2024evaluating,
  title={Evaluating the Robustness of the" Ensemble Everything Everywhere" Defense},
  author={Zhang, Jie and Schlarmann, Christian and Nikoli{\'c}, Kristina and Carlini, Nicholas and Croce, Francesco and Hein, Matthias and Tram{\`e}r, Florian},
  journal={arXiv preprint arXiv:2411.14834},
  year={2024}
}


@article{tjeng2017evaluating,
  title={Evaluating robustness of neural networks with mixed integer programming},
  author={Tjeng, Vincent and Xiao, Kai and Tedrake, Russ},
  journal={arXiv preprint arXiv:1711.07356},
  year={2017}
}

@article{zhang2019towards,
  title={Towards stable and efficient training of verifiably robust neural networks},
  author={Zhang, Huan and Chen, Hongge and Xiao, Chaowei and Gowal, Sven and Stanforth, Robert and Li, Bo and Boning, Duane and Hsieh, Cho-Jui},
  journal={arXiv preprint arXiv:1906.06316},
  year={2019}
}


@inproceedings{zhang2019theoretically,
  title={Theoretically principled trade-off between robustness and accuracy},
  author={Zhang, Hongyang and Yu, Yaodong and Jiao, Jiantao and Xing, Eric and El Ghaoui, Laurent and Jordan, Michael},
  booktitle={Proceedings of the International Conference on Machine Learning (ICML)},
  pages={7472--7482},
  year={2019},
  organization={PMLR}
}


@inproceedings{rice2020overfitting,
  title={Overfitting in adversarially robust deep learning},
  author={Rice, Leslie and Wong, Eric and Kolter, Zico},
  booktitle={Proceedings of the International Conference on Machine Learning (ICML)},
  pages={8093--8104},
  year={2020},
  organization={PMLR}
}


@article{raghunathan2018semidefinite,
  title={Semidefinite relaxations for certifying robustness to adversarial examples},
  author={Raghunathan, Aditi and Steinhardt, Jacob and Liang, Percy S},
  journal={Advances in Neural Information Processing Systems (NeurIPS)},
  volume={31},
  year={2018}
}


@inproceedings{wang2019improving,
  title={Improving Adversarial Robustness Requires Revisiting Misclassified Examples},
  author={Wang, Yisen and Zou, Difan and Yi, Jinfeng and Bailey, James and Ma, Xingjun and Gu, Quanquan},
  booktitle={International Conference on Learning Representations (ICLR)},
  year={2019}
}



@article{tramer2017ensemble,
  title={Ensemble adversarial training: Attacks and defenses},
  author={Tram{\`e}r, Florian and Kurakin, Alexey and Papernot, Nicolas and Goodfellow, Ian and Boneh, Dan and McDaniel, Patrick},
  journal={arXiv preprint arXiv:1705.07204},
  year={2017}
}


@article{strauss2017ensemble,
  title={Ensemble methods as a defense to adversarial perturbations against deep neural networks},
  author={Strauss, Thilo and Hanselmann, Markus and Junginger, Andrej and Ulmer, Holger},
  journal={arXiv preprint arXiv:1709.03423},
  year={2017}
}

@article{kariyappa2019improving,
  title={Improving adversarial robustness of ensembles with diversity training},
  author={Kariyappa, Sanjay and Qureshi, Moinuddin K},
  journal={arXiv preprint arXiv:1901.09981},
  year={2019}
}


@inproceedings{gal2016dropout,
  title={Dropout as a bayesian approximation: Representing model uncertainty in deep learning},
  author={Gal, Yarin and Ghahramani, Zoubin},
  booktitle={Proceedings of the International Conference on Machine Learning (ICML)},
  pages={1050--1059},
  year={2016},
  organization={PMLR}
}



@article{wong2018scaling,
  title={Scaling provable adversarial defenses},
  author={Wong, Eric and Schmidt, Frank and Metzen, Jan Hendrik and Kolter, J Zico},
  journal={Advances in Neural Information Processing Systems},
  volume={31},
  year={2018}
}

@article{zagoruyko2016wide,
  title={Wide residual networks},
  author={Zagoruyko, Sergey and Komodakis, Nikos},
  journal={arXiv preprint arXiv:1605.07146},
  year={2016}
}



@inproceedings{kielhofer2025robustness,
  title={Robustness Margin: A new measure for the robustness of neural networks},
  author={Kielhofer, Lionel and Bosman, Annelot Willemijn and van Rijn, Jan N and Hoos, Holger},
  booktitle={International Symposium on AI Verification},
  year={2025}
}


@article{krizhevsky2009learning,
  title={Learning multiple layers of features from tiny images},
  author={Krizhevsky, Alex and Hinton, Geoffrey and others},
  year={2009},
  publisher={Toronto, ON, Canada}
}





@inproceedings{abbasi2020toward,
  title={Toward Adversarial Robustness by Diversity in an Ensemble of Specialized Deep Neural Networks},
  author={Abbasi, Mahdieh and Rajabi, Arezoo and Gagn{\'e}, Christian and Bobba, Rakesh B},
  booktitle={Proceedings of the Canadian Conference on Artificial Intelligence},
  pages={1--14},
  year={2020},
  publisher={Springer}
}




@inproceedings{zhou2022improving,
  title={Improving adversarial robustness via mutual information estimation},
  author={Zhou, Dawei and Wang, Nannan and Gao, Xinbo and Han, Bo and Wang, Xiaoyu and Zhan, Yibing and Liu, Tongliang},
  booktitle={Proceedings of the International Conference on Machine Learning (ICML)},
  pages={27338--27352},
  year={2022},
  organization={PMLR}
}


@inproceedings{liu2019deep,
  title={Deep Neural Network Ensembles Against Deception: Ensemble Diversity, Accuracy and Robustness},
  author={Liu, Ling and Wei, Wenqi and Chow, Ka-Ho and Loper, Margaret and Gursoy, Emre and Truex, Stacey and Wu, Yanzhao},
  booktitle={Proceedings of the IEEE 16th International Conference on Mobile Ad Hoc and Sensor Systems (MASS)},
  pages={274--282},
  year={2019}
}



@inproceedings{guo2017calibration,
  title={On Calibration of Modern Neural Networks},
  author={Guo, Chuan and Pleiss, Geoff and Sun, Yu and Weinberger, Kilian Q},
  booktitle={Proceedings of the International Conference on Machine Learning (ICML)},
  pages={1321--1330},
  year={2017},
  organization={PMLR}
}


@article{vickrey1961counterspeculation,
  title={Counterspeculation, auctions, and competitive sealed tenders},
  author={Vickrey, William},
  journal={The Journal of finance},
  volume={16},
  number={1},
  pages={8--37},
  year={1961},
  publisher={JSTOR}
}


@inproceedings{ehlers2017formal,
  title={Formal verification of piece-wise linear feed-forward neural networks},
  author={Ehlers, Ruediger},
  booktitle={International symposium on automated technology for verification and analysis},
  pages={269--286},
  year={2017},
  organization={Springer}
}


@inproceedings{katz2017reluplex,
  title={Reluplex: An efficient SMT solver for verifying deep neural networks},
  author={Katz, Guy and Barrett, Clark and Dill, David L and Julian, Kyle and Kochenderfer, Mykel J},
  booktitle={International Conference on Computer Aided Verification (CAV)},
  pages={97--117},
  year={2017},
  organization={Springer}
}

@article{bunel2018unified,
  title={A unified view of piecewise linear neural network verification},
  author={Bunel, Rudy R and Turkaslan, Ilker and Torr, Philip and Kohli, Pushmeet and Mudigonda, Pawan K},
  journal={Advances in Neural Information Processing Systems (NeurIPS)},
  volume={31},
  year={2018}
}


@article{zhang2019enhancing,
  title={Enhancing certifiable robustness via a deep model ensemble},
  author={Zhang, Huan and Cheng, Minhao and Hsieh, Cho-Jui},
  journal={arXiv preprint arXiv:1910.14655},
  year={2019}
}


@article{yang2021certified,
  title={On the certified robustness for ensemble models and beyond},
  author={Yang, Zhuolin and Li, Linyi and Xu, Xiaojun and Kailkhura, Bhavya and Xie, Tao and Li, Bo},
  journal={arXiv preprint arXiv:2107.10873},
  year={2021}
}


@inproceedings{dietterich2000ensemble,
  title={Ensemble Methods in Machine Learning},
  author={Dietterich, Thomas G},
  booktitle={International Workshop on Multiple Classifier Systems (MCS)},
  pages={1--15},
  year={2000},
  publisher={Springer}
}



@inproceedings{lakshminarayanan2017simple,
  title={Simple and Scalable Predictive Uncertainty Estimation using Deep Ensembles},
  author={Lakshminarayanan, Balaji and Pritzel, Alexander and Blundell, Charles},
  booktitle={Advances in Neural Information Processing Systems (NeurIPS)},
  volume={30},
  year={2017}
}
